@article{arbabi-2017,
    author = "Arbabi, Hassan and Mezi{\'c}, Igor",
    title = "Ergodic {Theory}, {Dynamic} {Mode} {Decomposition}, and {Computation} of {Spectral} {Properties} of the {Koopman} {Operator}",
    volume = "16",
    doi = "10.1137/17M1125236",
    number = "4",
    journal = "SIAM Journal on Applied Dynamical Systems",
    month = "January",
    year = "2017",
    pages = "2096--2126"
}

@article{belkin-2003,
    author = "Belkin, Mikhail and Niyogi, Partha",
    title = "Laplacian {Eigenmaps} for {Dimensionality} {Reduction} and {Data} {Representation}",
    volume = "15",
    doi = "10.1162/089976603321780317",
    number = "6",
    journal = "Neural Computation",
    month = "June",
    year = "2003",
    pages = "1373--1396"
}

@article{bengio-2004,
    author = "Bengio, Yoshua and Delalleau, Olivier and Roux, Nicolas Le and Paiement, Jean-Fran{\c c}ois and Vincent, Pascal and Ouimet, Marie",
    title = "Learning {Eigenfunctions} {Links} {Spectral} {Embedding} and {Kernel} {PCA}",
    volume = "16",
    doi = "10.1162/0899766041732396",
    number = "10",
    journal = "Neural Computation",
    month = "October",
    year = "2004",
    pages = "2197--2219"
}

@article{berry-2013,
    author = "Berry, Tyrus and Cressman, John Robert and Greguri{\'c}-Feren{\v c}ek, Z. and Sauer, Timothy",
    title = "Time-{Scale} {Separation} from {Diffusion}-{Mapped} {Delay} {Coordinates}",
    volume = "12",
    doi = "10.1137/12088183X",
    number = "2",
    journal = "SIAM Journal on Applied Dynamical Systems",
    month = "January",
    year = "2013",
    pages = "618--649"
}

@article{berry-2015,
    author = "Berry, Tyrus and Harlim, John",
    title = "Nonparametric {Uncertainty} {Quantification} for {Stochastic} {Gradient} {Flows}",
    url = "http://arxiv.org/abs/1407.6972",
    journal = "arXiv:1407.6972 [math]",
    month = "February",
    year = "2015"
}

@article{berry-2016,
    author = "Berry, Tyrus and Harlim, John",
    title = "Variable bandwidth diffusion kernels",
    volume = "40",
    doi = "10.1016/j.acha.2015.01.001",
    number = "1",
    journal = "Applied and Computational Harmonic Analysis",
    month = "January",
    year = "2016",
    pages = "68--96"
}

@article{berry-2019,
    author = "Berry, Tyrus and Sauer, Timothy",
    title = "Consistent {Manifold} {Representation} for {Topological} {Data} {Analysis}",
    url = "http://arxiv.org/abs/1606.02353",
    journal = "arXiv:1606.02353 [math]",
    month = "February",
    year = "2019"
}

@book{bishop-2006,
    author = "Bishop, Christopher M.",
    series = "Information science and statistics",
    title = "Pattern recognition and machine learning",
    isbn = "978-0-387-31073-2",
    publisher = "Springer",
    year = "2006"
}

@article{brunton-2016,
    author = "Brunton, Steven L. and Proctor, Joshua L. and Kutz, J. Nathan",
    title = "Discovering governing equations from data by sparse identification of nonlinear dynamical systems",
    volume = "113",
    doi = "10.1073/pnas.1517384113",
    number = "15",
    journal = "Proceedings of the National Academy of Sciences",
    month = "April",
    year = "2016",
    pages = "3932--3937"
}

@article{champion-2019,
    author = "Champion, Kathleen P. and Brunton, Steven L. and Kutz, J. Nathan",
    title = "Discovery of {Nonlinear} {Multiscale} {Systems}: {Sampling} {Strategies} and {Embeddings}",
    volume = "18",
    doi = "10.1137/18M1188227",
    number = "1",
    journal = "SIAM Journal on Applied Dynamical Systems",
    month = "January",
    year = "2019",
    pages = "312--333"
}

@article{chiavazzo-2014,
    author = "Chiavazzo, Eliodoro and Gear, Charles and Dsilva, Carmeline and Rabin, Neta and Kevrekidis, Ioannis",
    title = "Reduced {Models} in {Chemical} {Kinetics} via {Nonlinear} {Data}-{Mining}",
    volume = "2",
    doi = "10.3390/pr2010112",
    number = "1",
    journal = "Processes",
    month = "January",
    year = "2014",
    pages = "112--140"
}

@article{coifman-2006,
    author = "Coifman, Ronald R. and Lafon, St{\'e}phane",
    title = "Diffusion maps",
    volume = "21",
    doi = "10.1016/j.acha.2006.04.006",
    number = "1",
    journal = "Applied and Computational Harmonic Analysis",
    month = "July",
    year = "2006",
    pages = "5--30"
}

@article{coifman-2006a,
    author = "Coifman, Ronald R. and Lafon, St{\'e}phane",
    title = "Geometric harmonics: {A} novel tool for multiscale out-of-sample extension of empirical functions",
    volume = "21",
    doi = "10.1016/j.acha.2005.07.005",
    number = "1",
    journal = "Applied and Computational Harmonic Analysis",
    month = "July",
    year = "2006",
    pages = "31--52"
}

@article{demo-2018,
    author = "Demo, Nicola and Tezzele, Marco and Rozza, Gianluigi",
    title = "{PyDMD}: {Python} {Dynamic} {Mode} {Decomposition}",
    volume = "3",
    doi = "10.21105/joss.00530",
    number = "22",
    journal = "The Journal of Open Source Software",
    month = "February",
    year = "2018",
    pages = "530"
}

@article{deyle-2011,
    author = "Deyle, Ethan R. and Sugihara, George",
    editor = "Oresic, Matej",
    title = "Generalized {Theorems} for {Nonlinear} {State} {Space} {Reconstruction}",
    volume = "6",
    doi = "10.1371/journal.pone.0018295",
    number = "3",
    journal = "PLoS ONE",
    month = "March",
    year = "2011",
    pages = "e18295"
}

@article{dietrich-2020,
    author = "Dietrich, Felix and Thiem, Thomas N. and Kevrekidis, Ioannis G.",
    title = "On the {Koopman} {Operator} of {Algorithms}",
    volume = "19",
    doi = "10.1137/19M1277059",
    number = "2",
    journal = "SIAM Journal on Applied Dynamical Systems",
    month = "January",
    year = "2020",
    pages = "860--885"
}

@article{donoho-2003,
    author = "Donoho, D. L. and Grimes, C.",
    title = "Hessian eigenmaps: {Locally} linear embedding techniques for high-dimensional data",
    volume = "100",
    doi = "10.1073/pnas.1031596100",
    number = "10",
    journal = "Proceedings of the National Academy of Sciences",
    month = "May",
    year = "2003",
    pages = "5591--5596"
}

@article{dsilva-2018,
    author = "Dsilva, Carmeline J. and Talmon, Ronen and Coifman, Ronald R. and Kevrekidis, Ioannis G.",
    title = "Parsimonious representation of nonlinear dynamical systems through manifold learning: {A} chemotaxis case study",
    volume = "44",
    doi = "10.1016/j.acha.2015.06.008",
    number = "3",
    journal = "Applied and Computational Harmonic Analysis",
    month = "May",
    year = "2018",
    pages = "759--773"
}

@article{fernandez-2014,
    author = "Fern{\'a}ndez, {\'A}ngela and Rabin, Neta and Fishelov, Dalia and Dorronsoro, Jos{\'e} R.",
    title = "Auto-adaptative {Laplacian} {Pyramids} for {High}-dimensional {Data} {Analysis}",
    url = "http://arxiv.org/abs/1311.6594",
    journal = "arXiv:1311.6594 [cs, stat]",
    month = "May",
    year = "2014"
}

@article{fernandez-2015,
    author = "Fern{\'a}ndez, {\'A}ngela and Gonz{\'a}lez, Ana M. and D{\'i}az, Julia and Dorronsoro, Jos{\'e} R.",
    title = "Diffusion {Maps} for dimensionality reduction and visualization of meteorological data",
    volume = "163",
    doi = "10.1016/j.neucom.2014.08.090",
    journal = "Neurocomputing",
    month = "September",
    year = "2015",
    pages = "25--37"
}

@article{giannakis-2015,
    author = "Giannakis, Dimitrios",
    title = "Dynamics-{Adapted} {Cone} {Kernels}",
    volume = "14",
    doi = "10.1137/140954544",
    number = "2",
    journal = "SIAM Journal on Applied Dynamical Systems",
    month = "January",
    year = "2015",
    pages = "556--608"
}

@article{giannakis-2019,
    author = "Giannakis, Dimitrios",
    title = "Data-driven spectral decomposition and forecasting of ergodic dynamical systems",
    volume = "47",
    doi = "10.1016/j.acha.2017.09.001",
    number = "2",
    journal = "Applied and Computational Harmonic Analysis",
    month = "September",
    year = "2019",
    pages = "338--396"
}

@article{klus-2020,
    author = {Klus, Stefan and N{\"u}ske, Feliks and Peitz, Sebastian and Niemann, Jan-Hendrik and Clementi, Cecilia and Sch{\"u}tte, Christof},
    title = "Data-driven approximation of the {Koopman} generator: {Model} reduction, system identification, and control",
    volume = "406",
    doi = "10.1016/j.physd.2020.132416",
    journal = "Physica D: Nonlinear Phenomena",
    month = "May",
    year = "2020",
    pages = "132416"
}

@book{kutz-2016,
    author = "Kutz, J. Nathan and Brunton, Steven L. and Brunton, Bingni W. and Proctor, Joshua L.",
    title = "Dynamic mode decomposition. {Data}-{Driven} modelling of complex systems",
    doi = "10.1137/1.9781611974508",
    publisher = "Society for Industrial and Applied Mathematics",
    year = "2016"
}

@phdthesis{lafon-2004,
    author = "Lafon, St{\'e}phane",
    title = "Diffusion {Maps} and {Geometric} {Harmonics}",
    school = "Yale University",
    year = "2004"
}

@article{leclainche-2017,
    author = "Le Clainche, Soledad and Vega, Jos{\'e} M. and Soria, Julio",
    title = "Higher order dynamic mode decomposition of noisy experimental data: {The} flow structure of a zero-net-mass-flux jet",
    volume = "88",
    doi = "10.1016/j.expthermflusci.2017.06.011",
    journal = "Experimental Thermal and Fluid Science",
    month = "November",
    year = "2017",
    pages = "336--353"
}

@article{manojlovic-2020,
    author = "Manojlovi{\'c}, Iva and Fonoberova, Maria and Mohr, Ryan and Andrej{\v c}uk, Aleksandr and Drma{\v c}, Zlatko and Kevrekidis, Yannis and Mezi{\'c}, Igor",
    title = "Applications of {Koopman} {Mode} {Analysis} to {Neural} {Networks}",
    url = "http://arxiv.org/abs/2006.11765",
    journal = "arXiv:2006.11765 [cs, math, stat]",
    month = "June",
    year = "2020"
}

@article{pedregosa-2011,
    author = "Pedregosa, Fabian and Varoquaux, Gael and Gramfort, Alexandre and Michel, Vincent and Thirion, Bertrand and Grisel, Olivier and Blondel, Mathieu and Prettenhofer, Peter and Weiss, Ron and Dubourg, Vincent and Vanderplas, Jake and Passos, Alexandre and Cournapeau, David",
    title = "Scikit-learn: {Machine} {Learning} in {Python}",
    volume = "12",
    url = "https://dl.acm.org/doi/10.5555/1953048.2078195",
    journal = "Journal of Machine Learning Research",
    year = "2011",
    pages = "2825--2830"
}

@inproceedings{rabin-2012,
    author = "Rabin, Neta and Coifman, Ronald R.",
    title = "Heterogeneous datasets representation and learning using diffusion maps and {Laplacian} pyramids",
    doi = "10.1137/1.9781611972825.17",
    booktitle = "Proceedings of the 2012 {SIAM} {International} {Conference} on {Data} {Mining}",
    publisher = "Society for Industrial and Applied Mathematics",
    month = "April",
    year = "2012",
    pages = "189--199"
}

@article{rowley-2009,
    author = "Rowley, Clarence W. and Mezi{\'c}, Igor and Bagheri, Shervin and Schlatter, Philipp and Henningson, Dan S.",
    title = "Spectral analysis of nonlinear flows",
    volume = "641",
    doi = "10.1017/S0022112009992059",
    journal = "Journal of Fluid Mechanics",
    month = "December",
    year = "2009",
    pages = "115--127"
}

@article{schmid-2010,
    author = "Schmid, Peter J.",
    title = "Dynamic mode decomposition of numerical and experimental data",
    volume = "656",
    doi = "10.1017/S0022112010001217",
    journal = "Journal of Fluid Mechanics",
    month = "August",
    year = "2010",
    pages = "5--28"
}

@article{shen-2020,
    author = "Shen, Chao and Wu, Hau-Tieng",
    title = "Scalability and robustness of spectral embedding: landmark diffusion is all you need",
    url = "http://arxiv.org/abs/2001.00801",
    journal = "arXiv:2001.00801 [math, stat]",
    month = "July",
    year = "2020"
}

@incollection{takens-1981,
    author = "Takens, Floris",
    title = "Detecting strange attractors in turbulence",
    volume = "898",
    booktitle = "Dynamical {Systems} and {Turbulence}, {Warwick} 1980",
    publisher = "Springer Berlin Heidelberg",
    year = "1981",
    doi = "10.1007/BFb0091924",
    pages = "366--381"
}

@article{tu-2014,
    author = "Tu, Jonathan H. and Rowley, Clarence W. and Luchtenburg, Dirk M. and Brunton, Steven L. and Kutz, J. Nathan",
    title = "On {Dynamic} {Mode} {Decomposition}: {Theory} and {Applications}",
    volume = "1",
    doi = "10.3934/jcd.2014.1.391",
    number = "2",
    journal = "Journal of Computational Dynamics",
    month = "December",
    year = "2014",
    pages = "391--421"
}

@article{williams-2015,
    author = "Williams, Matthew O. and Kevrekidis, Ioannis G. and Rowley, Clarence W.",
    title = "A {Data}{\textendash}{Driven} {Approximation} of the {Koopman} {Operator}: {Extending} {Dynamic} {Mode} {Decomposition}",
    volume = "25",
    doi = "10.1007/s00332-015-9258-5",
    number = "6",
    journal = "Journal of Nonlinear Science",
    month = "December",
    year = "2015",
    pages = "1307--1346"
}
