@misc{cartpole,
    title = {Putting it All Together - Balancing the Cart-Pole},
    author = {Roderic Grupen},
    year = {2015},
    publisher = {University of Massachusetts},
    howpublished = "\url{https://www-robotics.cs.umass.edu/~grupen/503/SLIDES/cart-pole.pdf}",
    note = "[Online; accessed 2022.05.05]"
}
